1019000002802 02100002117032203513094101GOLDEN RULE INSURANCE -JPMORGAN CHASE
5200UNITEDHEALTHONE ACH INS PREM        9005900018CORINS. PREM.170315170317   1021000021441991
6270000028027524845075       0000000000094139985                              1021000021441991
798C01071000010027138      111900656878086567                         CHANGE63802E000021441991
6270000028027524845075       0000000000094139986                              1021000021441992
798C01071000010027139      111900656878086567                         CHANGE63802E000021441992
6270000028027524845075       0000000000094139987                              1021000021441993
798C01071000010027140      111900656878086567                         CHANGE63802E000021441993
6270000028021081966192       0000000000094243514                              1021000021442764
798C02071000010029417      12100024111900659                          CHANGE63802E000021442764
6270000028029835793580       0000000000094272653                              1021000021442911
798C02071000010029866      12100024111900659                          CHANGE63802E000021442911
820000001000000014000000000000000000000000009005900018                         021000021441991
5200UNITEDHEALTHONE ACH INS PREM        9005900018CORINS. PREM.170319170320   1021000023938049
62700000280255022276         0000000000094170922      JESSICA WESLEY PRYOR    1021000023938049
798C01071000010007450      1149105655022278                           CHANGE63602E000023938049
820000000200000002800000000000000000000000009005900018                         021000023938049
5200UNITEDHEALTHONE ACH INS PREM        9005900018PPDINS. PREM.170215170216   1021000024004483
627000002802168883900        0000001140094219014                              1021000024004483
799R10071000010029461      07100001CUST ADVISES NOT AUTH.             99523863502E000024004483
820000000200000002800000000011400000000000009005900018                         021000024004483
5200UNITEDHEALTHONE ACH INS PREM        9005900018PPDINS. PREM.170215170217   1021000021096974
6270000028025336755629       0000005516093894674                              1021000021096974
799R07071000010025390      05400003AUTHORIZATION REVOKED              00260763602E000021096974
820000000200000002800000000055160000000000009005900018                         021000021096974
5200UNITEDHEALTHONE ACH INS PREM        9005900018PPDINS. PREM.170301170301   1021000026162971
627000002802824797765        0000024040094235734                              1021000026162971
799R10071000010083181      26708413CUST ADVISES NOT AUTH.             99523863502E000026162971
820000000200000002800000000240400000000000009005900018                         021000026162971
5200UNITEDHEALTHONE ACH INS PREM        9005900018PPDINS. PREM.170309170310   1021000022727469
62700000280236022907089      0000002000094230411                              1021000022727469
799R10071000010002310      03117611CUST ADVISES NOT AUTH.             00262863702E000022727469
62700000280236022907089      0000013600094230411                              1021000022727470
799R10071000010002311      03117611CUST ADVISES NOT AUTH.             00262863702E000022727470
627000002802881628432        0000006109094270226                              1021000025700053
799R10071000010002684      11100061CUST ADVISES NOT AUTH.             99523863502E000025700053
627000002802000000215710050  0000003987430104350                              1021000025700067
799R10071000010002963      11100061CUST ADVISES NOT AUTH.             99523863502E000025700067
820000000800000011200000000256960000000000009005900018                         021000022727469
5200UNITEDHEALTHONE ACH INS PREM        9005900018PPDINS. PREM.170312170313   1021000027392222
627000002802620775655        0000027360054819497      ANGELO STERGIOS         1021000027392222
799R10071000010000500      11100061CUST ADVISES NOT AUTH.             99523863502E000027392222
820000000200000002800000000273600000000000009005900018                         021000027392222
5200UNITEDHEALTHONE ACH INS PREM        9005900018PPDINS. PREM.170314170315   1021000026988528
6270000028021708799          0000010124093885737                              1021000026988528
799R10071000010001714      05220304CUST ADVISES NOT AUTH.             00261063602E000026988528
627000002802881628432        0000004462094270225                              1021000029797940
799R10071000010002591      11100061CUST ADVISES NOT AUTH.             99523863502E000029797940
820000000400000005600000000145860000000000009005900018                         021000026988528
5200UNITEDHEALTHONE ACH INS PREM        9005900018PPDINS. PREM.170315170316   1021000024435793
627000002802168883900        0000001140094219014                              1021000024435793
799R10071000010028703      07100001CUST ADVISES NOT AUTH.             99523863502E000024435793
820000000200000002800000000011400000000000009005900018                         021000024435793
5200UNITEDHEALTHONE ACH INS PREM        9005900018PPDINS. PREM.170316170317   1021000022401775
627000002802571358899        0000045490094259330                              1021000022401775
799R10071000010004291      10300064CUST ADVISES NOT AUTH.             99523863502E000022401775
820000000200000002800000000454900000000000009005900018                         021000022401775
5200UNITEDHEALTHONE ACH INS PREM        9005900018PPDINS. PREM.170319170320   1021000023939044
6270000028021343142715       0000012860094282091                              1021000023939044
799R02071000010009236      25327840ACCOUNT CLOSED                     00256763502E000023939044
6270000028020189557840       0000003306430110324                              1021000023939205
799R16071000010009583      06530543ACCOUNT FROZEN                     00256763502E000023939205
820000000400000005600000000161660000000000009005900018                         021000023939044
5200UNITEDHEALTHONE ACH INS PREM        9005900018PPDINS. PREM.170319170320   1021000023392359
62700000280289807356568      0000002565094279546                              1021000023392359
799R03071000010008751      06300004NO A/C UNABLE TO LOCATE            00256963502E000023392359
627000002802848085004932     0000002565094279554                              1021000023392360
799R03071000010008756      06310027NO A/C UNABLE TO LOCATE            00256963502E000023392360
627000002802664038940447     0000015410094280079                              1021000023392408
799R03071000010008863      06100005NO A/C UNABLE TO LOCATE            00256963502E000023392408
627000002802026009593        0000004737094280850                              1021000023392464
799R03071000010009043      11100002NO A/C UNABLE TO LOCATE            00256963502E000023392464
627000002802334019828623     0000019340094281350                              1021000023392497
799R03071000010009139      06100005NO A/C UNABLE TO LOCATE            00256963502E000023392497
627000002802357016974305     0000009420094281770                              1021000023392514
799R03071000010009201      07200080NO A/C UNABLE TO LOCATE            00256963502E000023392514
6270000028022440733          0000014140094150974                              1021000023937997
799R02071000010007340      11192393ACCOUNT CLOSED                     00260663602E000023937997
820000001400000019600000000681770000000000009005900018                         021000023392359
5200UNITEDHEALTHONE ACH INS PREM        9005900018PPDINS. PREM.170319170320   1021000023389788
627000002802004682743587     0000063010058943683      HOGENMILLER,RANDY*      1021000023389788
799R02071000010001690      12210170ACCOUNT CLOSED                     00260763602E000023389788
627000002802117953610        0000001772430326293                              1021000023393018
799R02071000010010575      06420816ACCOUNT CLOSED                     00260763602E000023393018
6270000028025400002645       0000005035059030475                              1021000023935175
799R16071000010001878      26527041ACCOUNT FROZEN                     00260863602E000023935175
6270000028028002             0000037260094268620                              1021000023938685
799R04071000010008572      07192201INVALID ACCOUNT NUMBER             00260863602E000023938685
6270000028024456515          0000001600094280435                              1021000023938898
799R03071000010008961      07192153NO A/C UNABLE TO LOCATE            00260863602E000023938898
6270000028024456515          0000001140094280436                              1021000023938899
799R03071000010008962      07192153NO A/C UNABLE TO LOCATE            00260863602E000023938899
6270000028024456515          0000001992094280437                              1021000023938900
799R03071000010008963      07192153NO A/C UNABLE TO LOCATE            00260863602E000023938900
820000001400000019600000001118090000000000009005900018                         021000023389788
5200UNITEDHEALTHONE ACH INS PREM        9005900018PPDINS. PREM.170319170320   1021000023392640
627000002802354005580598     0000009446430081764                              1021000023392640
799R08071000010009531      08100003PAYMENT STOPPED                    00260963602E000023392640
627000002802586023625342     0000004621430324625                              1021000023392998
799R02071000010010519      11100002ACCOUNT CLOSED                     00260963602E000023392998
6270000028020017308327       0000057767058379622      RANDY L SOWASH          1021000023934825
799R08071000010001148      04220219PAYMENT STOPPED                    00260963602E000023934825
6270000028021474353396       0000021040094261234                              1021000023938633
799R08071000010008500      04411580PAYMENT STOPPED                    00260963602E000023938633
62700000280208650959922      0000004668094277044                              1021000023938747
799R20071000010008664      25317704NON-TRANSACTION ACCOUNT            00260963602E000023938747
627000002802110011756        0000015420430179928                              1021000023939435
799R08071000010010058      08150048PAYMENT STOPPED                    00260963602E000023939435
820000001200000016800000001129620000000000009005900018                         021000023392640
5200UNITEDHEALTHONE ACH INS PREM        9005900018PPDINS. PREM.170319170320   1021000023389577
627000002802004125367064     0000018628058427276      JIAN PING DENG          1021000023389577
799R08071000010001194      05100001PAYMENT STOPPED                    00261063602E000023389577
627000002802009472925619     0000082894058714911      JAMES AND MARIA ESEE    1021000023389661
799R16071000010001400      01190057ACCOUNT FROZEN                     00261063602E000023389661
627000002802003444354403     0000016691090194706      SALAZAR,TATANIA         1021000023390542
799R02071000010003847      06310027ACCOUNT CLOSED                     00261063602E000023390542
627000002802383002368852     0000008770093966475                              1021000023391550
799R16071000010006356      03120208ACCOUNT FROZEN                     00261063602E000023391550
627000002802237035757094     0000005689094234087                              1021000023392144
799R02071000010008057      05300019ACCOUNT CLOSED                     00261063602E000023392144
627000002802237035757094     0000002706094234088                              1021000023392145
799R02071000010008058      05300019ACCOUNT CLOSED                     00261063602E000023392145
62700000280263017113         0000012825059089958                              1021000023935355
799R02071000010002248      07110256ACCOUNT CLOSED                     00261063602E000023935355
6270000028021407328          0000012810094279553                              1021000023938795
799R04071000010008755      07240304INVALID ACCOUNT NUMBER             00261063602E000023938795
6270000028022052132          0000003537430150417                              1021000023939341
799R02071000010009881      06410904ACCOUNT CLOSED                     00261063602E000023939341
6270000028022079440          0000002758430298465                              1021000023939534
799R08071000010010262      11490495PAYMENT STOPPED                    00261063602E000023939534
62700000280210139073         0000004100430326730                              1021000023939713
799R02071000010010600      06410932ACCOUNT CLOSED                     00261063602E000023939713
820000002200000030800000001714080000000000009005900018                         021000023389577
5200UNITEDHEALTHONE ACH INS PREM        9005900018PPDINS. PREM.170319170320   1021000023938784
6270000028021502410292       0000010719094279479                              1021000023938784
799R08071000010008730      02601357PAYMENT STOPPED                    00262863702E000023938784
62700000280239758732         0000001600094279639                              1021000023938805
799R02071000010008778      11302458ACCOUNT CLOSED                     00262863702E000023938805
820000000400000005600000000123190000000000009005900018                         021000023938784
5200UNITEDHEALTHONE ACH INS PREM        9005900018PPDINS. PREM.170319170320   1021000023392371
627000002802000182502939     0000016020094279619                              1021000023392371
799R04071000010008774      05310046INVALID ACCOUNT NUMBER             00270263802E000023392371
627000002802202775814        0000060030094280349                              1021000023392430
799R03071000010008931      04100012NO A/C UNABLE TO LOCATE            00270263802E000023392430
62700000280280179908863      0000002987094280190                              1021000023938871
799R03071000010008901      07591161NO A/C UNABLE TO LOCATE            00270363802E000023938871
6270000028022366201588       0000002013430039178      TIMOTHY G ARRAS         1021000023939151
799R02071000010009471      08120454ACCOUNT CLOSED                     00270363802E000023939151
820000000800000011200000000810500000000000009005900018                         021000023392371
5200UNITEDHEALTHONE ACH INS PREM        9005900018PPDINS. PREM.170319170320   1021000023389319
6270000028021087344732001    0000041127057675063      ROSALIND WILLIS         1021000023389319
799R08071000010000409      05300021PAYMENT STOPPED                    00270463802E000023389319
6270000028023106055282       0000008718093634332                              1021000023391445
799R08071000010006146      05300021PAYMENT STOPPED                    00270463802E000023391445
6270000028021000432495253    0000003458093943972                              1021000023391542
799R08071000010006337      03100050PAYMENT STOPPED                    00270463802E000023391542
6270000028021153339401       0000011740094056677                              1021000023391686
799R02071000010006728      05300021ACCOUNT CLOSED                     00270463802E000023391686
6270000028026763322804       0000008310094200985                              1021000023392017
799R08071000010007745      11190065PAYMENT STOPPED                    00270463802E000023392017
6270000028024737025001754430 0000009750094245062                              1021000023392208
799R03071000010008255      03110086NO A/C UNABLE TO LOCATE            00270463802E000023392208
6270000028024737025001754430 0000001589094245063                              1021000023392209
799R03071000010008256      03110086NO A/C UNABLE TO LOCATE            00270463802E000023392209
6270000028024737025001754430 0000002200094245064                              1021000023392210
799R03071000010008257      03110086NO A/C UNABLE TO LOCATE            00270463802E000023392210
6270000028027023162289       0000008960094250021                              1021000023392272
799R03071000010008438      05310127NO A/C UNABLE TO LOCATE            00270463802E000023392272
6270000028022979964122       0000002426094279511                              1021000023392353
799R03071000010008738      06310751NO A/C UNABLE TO LOCATE            00270463802E000023392353
6270000028024342583003660440 0000013260094279562                              1021000023392363
799R03071000010008760      07591198NO A/C UNABLE TO LOCATE            00270463802E000023392363
6270000028020000002193       0000002426094279564                              1021000023392364
799R03071000010008761      06310751NO A/C UNABLE TO LOCATE            00270463802E000023392364
62700000280210101817700581   0000003477094280247                              1021000023392424
799R03071000010008915      06310751NO A/C UNABLE TO LOCATE            00270463802E000023392424
6270000028028654873937       0000019474094280533                              1021000023392447
799R03071000010008981      11190065NO A/C UNABLE TO LOCATE            00270463802E000023392447
6270000028021010179207558    0000019980094280718                              1021000023392459
799R08071000010009016      05140054PAYMENT STOPPED                    00270463802E000023392459
6270000028023569804835       0000015291094280903                              1021000023392472
799R03071000010009056      11190065NO A/C UNABLE TO LOCATE            00270463802E000023392472
6270000028028288167276       0000016252430136949      GRUENER,ANNA            1021000023392749
799R08071000010009783      05320776PAYMENT STOPPED                    00270463802E000023392749
6270000028021010115103357    0000004299430142863                              1021000023392762
799R02071000010009822      05320776ACCOUNT CLOSED                     00270463802E000023392762
6270000028021010208146098    0000002104430316285                              1021000023392974
799R02071000010010437      02120002ACCOUNT CLOSED                     00270463802E000023392974
6270000028021010208146098    0000001430430316287                              1021000023392975
799R02071000010010438      02120002ACCOUNT CLOSED                     00270463802E000023392975
6270000028026701812290       0000001746094275643                              1021000023938732
799R03071000010008643      26107114NO A/C UNABLE TO LOCATE            00270463802E000023938732
627000002802428240866        0000001140094279940                              1021000023938831
799R03071000010008834      31408828NO A/C UNABLE TO LOCATE            00270463802E000023938831
820000004400000061600000001991570000000000009005900018                         021000023389319
5200UNITEDHEALTHONE ACH INS PREM        9005900018PPDINS. PREM.170319170320   1021000023391879
627000002802252307639853     0000014220094150083                              1021000023391879
799R02071000010007315      08100021ACCOUNT CLOSED                     00270763802E000023391879
627000002802196474508385     0000003076430025638                              1021000023392568
799R02071000010009353      07300054ACCOUNT CLOSED                     00270763802E000023392568
6270000028022003126          0000017477090183783                              1021000023936237
799R08071000010003817      10101528PAYMENT STOPPED                    00270763802E000023936237
6270000028024930005347       0000018310094059580                              1021000023937714
799R08071000010006841      07100173PAYMENT STOPPED                    00270763802E000023937714
62700000280211051207         0000004437094281391                              1021000023938999
799R03071000010009144      26117093NO A/C UNABLE TO LOCATE            00270763802E000023938999
627000002802813767626        0000018820094039384                              1021000024996592
799R10071000010006634      07100001CUST ADVISES NOT AUTH.             99515263702E000024996592
820000001200000016800000000763400000000000009005900018                         021000023391879
5200UNITEDHEALTHONE ACH INS PREM        9005900018PPDINS. PREM.170319170320   1021000023736144
627000002802805386372        0000025442059918407                              1021000023736144
799R02071000010002985      04400003ACCOUNT CLOSED                     99900163602E000023736144
627000002802021005521        0000014640094279002                              1021000023736193
799R03071000010008700      04400003NO A/C UNABLE TO LOCATE            99900163602E000023736193
627000002802622335912        0000006852430298145                              1021000023736206
799R03071000010010239      04400003NO A/C UNABLE TO LOCATE            99900163602E000023736206
62700000280220125853         0000059800094164133      COOPER,RANDOLPH         1021000024996601
799R03071000010007434      07100001NO A/C UNABLE TO LOCATE            99911163602E000024996601
820000000800000011200000001067340000000000009005900018                         021000023736144
5200UNITEDHEALTHONE ACH INS PREM        9005900018PPDINS. PREM.170319170320   1021000023938897
627000002802476000000000000  0000016140094280431                              1021000023938897
799R03071000010008950      10108974NO A/C UNABLE TO LOCATE            08060000402E000023938897
820000000200000002800000000161400000000000009005900018                         021000023938897
5200UNITEDHEALTHONE ACH INS PREM        9005900018PPDRDP RETRY 170313170320   1021000025439132
6370000028022400044          0000016690094101290      MILLS,TONYA             1021000025439132
799R01071000010001610      25317593INSUFFICIENT FUNDS                 00260663602E000025439132
627000002802108436365        0000010900094195231                              1021000025439137
799R01071000010001916      08630001INSUFFICIENT FUNDS                 00260663602E000025439137
820000000400000005600000000275900000000000009005900018                         021000025439132
5200UNITEDHEALTHONE ACH INS PREM        9005900018PPDRDP RETRY 170313170320   1021000023333909
6270000028021180006625543    0000001400094274376                              1021000023333909
799R01071000010002398      08390068INSUFFICIENT FUNDS                 00260763602E000023333909
6270000028021180006625543    0000013910094274377                              1021000023333910
799R01071000010002399      08390068INSUFFICIENT FUNDS                 00260763602E000023333910
6270000028021180006625543    0000003737094274378                              1021000023333911
799R01071000010002400      08390068INSUFFICIENT FUNDS                 00260763602E000023333911
6270000028021100013400065    0000016472094274418                              1021000023333912
799R01071000010002413      26319138INSUFFICIENT FUNDS                 00260763602E000023333912
820000000800000011200000000355190000000000009005900018                         021000023333909
5200UNITEDHEALTHONE ACH INS PREM        9005900018PPDRDP RETRY 170313170320   1021000023333904
6270000028028095928092       0000013540094135104      JAMIE MUSGROVE          1021000023333904
799R01071000010001679      06400376INSUFFICIENT FUNDS                 00260863602E000023333904
637000002802375002372306     0000002000094226338                              1021000023333905
799R01071000010001969      07200080INSUFFICIENT FUNDS                 00260963602E000023333905
637000002802375002372306     0000007720094226338                              1021000023333906
799R01071000010001970      07200080INSUFFICIENT FUNDS                 00260963602E000023333906
6270000028027032881075       0000014810094272889                              1021000025439139
799R01071000010002197      25607497INSUFFICIENT FUNDS                 00260963602E000025439139
820000000800000011200000000380700000000000009005900018                         021000023333904
5200UNITEDHEALTHONE ACH INS PREM        9005900018PPDRDP RETRY 170313170320   1021000025439130
6270000028029828539009542    0000003200094052596      EFFENBECK,KRISTI        1021000025439130
799R01071000010001530      11492474INSUFFICIENT FUNDS                 00261063602E000025439130
62700000280201651520051      0000002183094143648                              1021000025439133
799R01071000010001733      04201542INSUFFICIENT FUNDS                 00261063602E000025439133
62700000280201651520051      0000001430094143649                              1021000025439134
799R01071000010001734      04201542INSUFFICIENT FUNDS                 00261063602E000025439134
62700000280210280378         0000005629430281713                              1021000025439146
799R01071000010002672      11490256INSUFFICIENT FUNDS                 00261063602E000025439146
820000000800000011200000000124420000000000009005900018                         021000025439130
5200UNITEDHEALTHONE ACH INS PREM        9005900018PPDRDP RETRY 170313170320   1021000023333901
6270000028021000128400982    0000003406090315394      DIANE BOUTTE            1021000023333901
799R01071000010000907      06100010INSUFFICIENT FUNDS                 00270263802E000023333901
6270000028021000195684021    0000010231094268404                              1021000023333908
799R01071000010002128      06100010INSUFFICIENT FUNDS                 00270263802E000023333908
627000002802130113387547     0000001861430148893                              1021000023333913
799R01071000010002596      04200001INSUFFICIENT FUNDS                 00270363802E000023333913
627000002802434545091        0000020760094273900                              1021000025439140
799R01071000010002311      11190627INSUFFICIENT FUNDS                 00270363802E000025439140
820000000800000011200000000362580000000000009005900018                         021000023333901
5200UNITEDHEALTHONE ACH INS PREM        9005900018PPDRDP RETRY 170313170320   1021000025439125
6270000028022051130587       0000001600093984439                              1021000025439125
799R01071000010001394      25317588INSUFFICIENT FUNDS                 00270463802E000025439125
6270000028022051130587       0000026250094254014                              1021000025439138
799R01071000010002065      25317588INSUFFICIENT FUNDS                 00270463802E000025439138
627000002802815980016        0000005163430099377      LEWIS,ERICKA            1021000025439145
799R01071000010002506      31117602INSUFFICIENT FUNDS                 00270463802E000025439145
820000000600000008400000000330130000000000009005900018                         021000025439125
5200UNITEDHEALTHONE ACH INS PREM        9005900018PPDRDP RETRY 170313170320   1021000025439135
627000002802311347932        0000004695094189783                              1021000025439135
799R01071000010001788      10390003INSUFFICIENT FUNDS                 00270763802E000025439135
6270000028024443991004       0000046278094273990                              1021000025439141
799R01071000010002322      27197257INSUFFICIENT FUNDS                 00270763802E000025439141
6270000028020251251620       0000005070094274475                              1021000025439142
799R01071000010002426      06400001INSUFFICIENT FUNDS                 00270763802E000025439142
6270000028020251251620       0000003084094274476                              1021000025439143
799R01071000010002427      06400001INSUFFICIENT FUNDS                 00270763802E000025439143
6270000028020251251620       0000001040094274477                              1021000025439144
799R01071000010002428      06400001INSUFFICIENT FUNDS                 00270763802E000025439144
627000002802839932030        0000019300094238843                              1021000029305718
799R01071000010002011      26708413INSUFFICIENT FUNDS                 99902163602E000029305718
820000001200000016800000000794670000000000009005900018                         021000025439135
5200UNITEDHEALTHONE ACH INS PREM        9005900018PPDRDP RETRY 170319170320   1021000023935673
6270000028020310917493       0000000000059801306      LETTISHA ANDERSON       1021000023935673
799N01071000010002817      10120364FIRST TIME REDEPOSIT $ 0000030077  00260663602E000023935673
820000000200000002800000000000000000000000009005900018                         021000023935673
5200UNITEDHEALTHONE ACH INS PREM        9005900018PPDRDP RETRY 170319170320   1021000023390140
627000002802047977085        0000000000059724045      SINGER,DEBORAH          1021000023390140
799N01071000010002652      06311278FIRST TIME REDEPOSIT $ 0000042764  00260763602E000023390140
6270000028027002600919       0000000000093288799                              1021000023391140
799N01071000010005352      11100075FIRST TIME REDEPOSIT $ 0000022882  00260763602E000023391140
6270000028020005207477232    0000000000094202938                              1021000023392072
799N01071000010007892      05310112FIRST TIME REDEPOSIT $ 0000003723  00260763602E000023392072
6270000028020400107264       0000000000090023851                              1021000023935953
799N01071000010003297      06310554FIRST TIME REDEPOSIT $ 0000022913  00260763602E000023935953
6270000028022038054538       0000000000094280637                              1021000023938922
799N01071000010009003      11491168FIRST TIME REDEPOSIT $ 0000004540  00260763602E000023938922
820000001000000014000000000000000000000000009005900018                         021000023390140
5200UNITEDHEALTHONE ACH INS PREM        9005900018PPDRDP RETRY 170319170320   1021000023389859
6270000028029722292233       0000000000059022406      JEVIN INC/DANIEL PTAK   1021000023389859
799N01071000010001845      11190065FIRST TIME REDEPOSIT $ 0000015511  00260863602E000023389859
6270000028021010269722163    0000000000090342247                              1021000023390674
799N01071000010004146      06310751FIRST TIME REDEPOSIT $ 0000003080  00260863602E000023390674
6270000028021010281386105    0000000000093114401                              1021000023390906
799N01071000010004792      05300021FIRST TIME REDEPOSIT $ 0000004054  00260863602E000023390906
6270000028026428974106       0000000000093361515                              1021000023391250
799N01071000010005646      06310751FIRST TIME REDEPOSIT $ 0000003080  00260863602E000023391250
6270000028026428974106       0000000000093361516                              1021000023391251
799N01071000010005647      06310751FIRST TIME REDEPOSIT $ 0000022362  00260863602E000023391251
6270000028026544632703       0000000000094185786                              1021000023391937
799N01071000010007490      06310751FIRST TIME REDEPOSIT $ 0000030610  00260863602E000023391937
6270000028027283088461       0000000000094217326                              1021000023392092
799N01071000010007963      06100022FIRST TIME REDEPOSIT $ 0000004437  00260863602E000023392092
6270000028023053857532       0000000000094229197                              1021000023392115
799N01071000010008017      06100022FIRST TIME REDEPOSIT $ 0000017460  00260863602E000023392115
6270000028021000297456767    0000000000094279877                              1021000023392392
799N01071000010008824      06100022FIRST TIME REDEPOSIT $ 0000003137  00260863602E000023392392
6270000028028710758452       0000000000094280929                              1021000023392477
799N01071000010009064      11190065FIRST TIME REDEPOSIT $ 0000011220  00260863602E000023392477
6270000028022054339          0000000000054914745      CUSTOM FORMS GRAPHICS   1021000023934291
799N01071000010000183      04331149FIRST TIME REDEPOSIT $ 0000062458  00260863602E000023934291
62700000280201075357         0000000000093121021                              1021000023936743
799N01071000010004804      11491792FIRST TIME REDEPOSIT $ 0000113769  00260863602E000023936743
62700000280210070848         0000000000094024677                              1021000023937582
799N01071000010006565      06220389FIRST TIME REDEPOSIT $ 0000004772  00260863602E000023937582
62700000280222474431         0000000000094058021                              1021000023937697
799N01071000010006798      11190059FIRST TIME REDEPOSIT $ 0000057472  00260863602E000023937697
6270000028026758013          0000000000094281919                              1021000023939034
799N01071000010009217      07490330FIRST TIME REDEPOSIT $ 0000014040  00260863602E000023939034
820000003000000042000000000000000000000000009005900018                         021000023389859
5200UNITEDHEALTHONE ACH INS PREM        9005900018PPDRDP RETRY 170319170320   1021000023389375
627000002802488033430751     0000000000057830507      LAURA L WINTER          1021000023389375
799N01071000010000579      11100002FIRST TIME REDEPOSIT $ 0000070362  00260963602E000023389375
627000002802009620100763     0000000000094151058                              1021000023391884
799N01071000010007343      11100002FIRST TIME REDEPOSIT $ 0000027850  00260963602E000023391884
627000002802487003381200     0000000000094236574                              1021000023392156
799N01071000010008082      08200007FIRST TIME REDEPOSIT $ 0000002892  00260963602E000023392156
627000002802444016798247     0000000000430019914      BRIAN CRUZEN            1021000023392549
799N01071000010009313      06400002FIRST TIME REDEPOSIT $ 0000002995  00260963602E000023392549
627000002802375015016549     0000000000430118249                              1021000023392684
799N01071000010009642      07200080FIRST TIME REDEPOSIT $ 0000001948  00260963602E000023392684
6270000028027062444646       0000000000094263649                              1021000023938651
799N01071000010008526      25607497FIRST TIME REDEPOSIT $ 0000004077  00260963602E000023938651
6270000028027049879641       0000000000430265513      PAUL F MORRISSEAU       1021000023939454
799N01071000010010100      25607497FIRST TIME REDEPOSIT $ 0000007040  00260963602E000023939454
820000001400000019600000000000000000000000009005900018                         021000023389375
5200UNITEDHEALTHONE ACH INS PREM        9005900018PPDRDP RETRY 170319170320   1021000023390959
627000002802898044459793     0000000000093152890      TRIGOS RUANOVA,JUAN C   1021000023390959
799N01071000010004925      06300004FIRST TIME REDEPOSIT $ 0000044489  00261063602E000023390959
627000002802898065620802     0000000000094152105                              1021000023391900
799N01071000010007372      06310027FIRST TIME REDEPOSIT $ 0000009616  00261063602E000023391900
627000002802229055303782     0000000000094279690                              1021000023392376
799N01071000010008789      06310027FIRST TIME REDEPOSIT $ 0000001040  00261063602E000023392376
627000002802229028175772     0000000000430158569                              1021000023392813
799N01071000010009968      06310027FIRST TIME REDEPOSIT $ 0000004916  00261063602E000023392813
627000002802898081522544     0000000000430337701                              1021000023393052
799N01071000010010686      06310027FIRST TIME REDEPOSIT $ 0000002223  00261063602E000023393052
627000002802898055584314     0000000000430358767                              1021000023393108
799N01071000010010866      06300004FIRST TIME REDEPOSIT $ 0000005800  00261063602E000023393108
62700000280201892797106      0000000000090040522      WESTON ONE LLC          1021000023935992
799N01071000010003372      04400002FIRST TIME REDEPOSIT $ 0000038258  00261063602E000023935992
6270000028027654281265       0000000000093405668                              1021000023937276
799N01071000010005919      07490859FIRST TIME REDEPOSIT $ 0000017107  00261063602E000023937276
627000002802601705           0000000000093416233                              1021000023937294
799N01071000010005953      04210829FIRST TIME REDEPOSIT $ 0000003511  00261063602E000023937294
6270000028027101301606402    0000000000093925634                              1021000023937454
799N01071000010006311      26107143FIRST TIME REDEPOSIT $ 0000038220  00261063602E000023937454
62700000280229004218         0000000000094087845                              1021000023937776
799N01071000010006944      05140316FIRST TIME REDEPOSIT $ 0000007870  00261063602E000023937776
6270000028026104439008       0000000000094202056                              1021000023938248
799N01071000010007823      03607615FIRST TIME REDEPOSIT $ 0000016120  00261063602E000023938248
627000002802214073490        0000000000094244587                              1021000023938462
799N01071000010008217      11312265FIRST TIME REDEPOSIT $ 0000027240  00261063602E000023938462
62700000280246232300         0000000000094265234                              1021000023938662
799N01071000010008539      10311267FIRST TIME REDEPOSIT $ 0000015000  00261063602E000023938662
6270000028021116455724       0000000000094276561                              1021000023938742
799N01071000010008658      11300846FIRST TIME REDEPOSIT $ 0000006783  00261063602E000023938742
6270000028021844362788       0000000000430348768                              1021000023939825
799N01071000010010798      05311259FIRST TIME REDEPOSIT $ 0000002580  00261063602E000023939825
820000003200000044800000000000000000000000009005900018                         021000023390959
5200UNITEDHEALTHONE ACH INS PREM        9005900018PPDRDP RETRY 170319170320   1021000023390010
6270000028021027007010       0000000000059086396                              1021000023390010
799N01071000010002231      02600744FIRST TIME REDEPOSIT $ 0000006847  00262863702E000023390010
6270000028020801371752       0000000000094278368                              1021000023392334
799N01071000010008691      27107080FIRST TIME REDEPOSIT $ 0000037650  00262863702E000023392334
6270000028020020742319       0000000000090400211      TERESSA A WILLS         1021000023936425
799N01071000010004217      08290087FIRST TIME REDEPOSIT $ 0000035239  00262863702E000023936425
62700000280208636029526      0000000000093264411                              1021000023936953
799N01071000010005272      25317704FIRST TIME REDEPOSIT $ 0000012782  00262863702E000023936953
6270000028020051056795       0000000000093382153      JUSTIN JOHNSON          1021000023937184
799N01071000010005745      05320098FIRST TIME REDEPOSIT $ 0000013777  00262863702E000023937184
62700000280201102953999      0000000000093960432                              1021000023937470
799N01071000010006349      25318453FIRST TIME REDEPOSIT $ 0000013750  00262863702E000023937470
6270000028022411999747       0000000000094013627      VIROLA,TRACY            1021000023937564
799N01071000010006526      11401328FIRST TIME REDEPOSIT $ 0000001369  00262863702E000023937564
62700000280208634432848      0000000000094051291                              1021000023937639
799N01071000010006674      25317704FIRST TIME REDEPOSIT $ 0000014770  00262863702E000023937639
62700000280208634432848      0000000000094051292                              1021000023937640
799N01071000010006675      25317704FIRST TIME REDEPOSIT $ 0000005009  00262863702E000023937640
62700000280221298803         0000000000094057547                              1021000023937683
799N01071000010006767      11311198FIRST TIME REDEPOSIT $ 0000012232  00262863702E000023937683
6270000028020217205544       0000000000094062994                              1021000023937727
799N01071000010006865      11302458FIRST TIME REDEPOSIT $ 0000004124  00262863702E000023937727
62700000280201073055         0000000000094200895                              1021000023938211
799N01071000010007738      08101295FIRST TIME REDEPOSIT $ 0000020550  00262863702E000023938211
627000002802241756461        0000000000094235793                              1021000023938373
799N01071000010008073      11302458FIRST TIME REDEPOSIT $ 0000008769  00262863702E000023938373
627000002802241756461        0000000000094235793                              1021000023938374
799N01071000010008074      11302458FIRST TIME REDEPOSIT $ 0000008769  00262863702E000023938374
62700000280287764055         0000000000094260248                              1021000023938625
799N01071000010008488      08290087FIRST TIME REDEPOSIT $ 0000004690  00262863702E000023938625
62700000280227877153         0000000000094280899                              1021000023938945
799N01071000010009053      11302458FIRST TIME REDEPOSIT $ 0000022830  00262863702E000023938945
62700000280208635872079      0000000000430327591                              1021000023939732
799N01071000010010635      25317704FIRST TIME REDEPOSIT $ 0000001860  00262863702E000023939732
62700000280208639069267      0000000000430345245                              1021000023939803
799N01071000010010766      25317704FIRST TIME REDEPOSIT $ 0000001140  00262863702E000023939803
820000003600000050400000000000000000000000009005900018                         021000023390010
5200UNITEDHEALTHONE ACH INS PREM        9005900018PPDRDP RETRY 170319170320   1021000023389472
6270000028021000045342291    0000000000057941694                              1021000023389472
799N01071000010000894      05100002FIRST TIME REDEPOSIT $ 0000068241  00270263802E000023389472
6270000028024227391163       0000000000058124310      BARTECK,JEFFREY D*      1021000023389520
799N01071000010001036      04100012FIRST TIME REDEPOSIT $ 0000032748  00270263802E000023389520
6270000028024234816326       0000000000093385357                              1021000023391290
799N01071000010005759      04100012FIRST TIME REDEPOSIT $ 0000040884  00270263802E000023391290
6270000028021000096552848    0000000000093892128                              1021000023391501
799N01071000010006255      05310046FIRST TIME REDEPOSIT $ 0000008230  00270263802E000023391501
6270000028021000057747684    0000000000094095801                              1021000023391819
799N01071000010007103      06100010FIRST TIME REDEPOSIT $ 0000027960  00270263802E000023391819
6270000028021000201763504    0000000000094126378                              1021000023391847
799N01071000010007202      06100010FIRST TIME REDEPOSIT $ 0000001570  00270263802E000023391847
6270000028020165683406       0000000000058845855      KIRKLAND,CARLY  *       1021000023935038
799N01071000010001559      06310111FIRST TIME REDEPOSIT $ 0000025518  00270363802E000023935038
6270000028023400001694       0000000000059048869                              1021000023935226
799N01071000010001976      08400911FIRST TIME REDEPOSIT $ 0000006744  00270363802E000023935226
6270000028024011813          0000000000059621419      KIRK & VICKI POWELL     1021000023935484
799N01071000010002467      08150085FIRST TIME REDEPOSIT $ 0000040354  00270363802E000023935484
627000002802799033           0000000000059849297                              1021000023935691
799N01071000010002868      10100331FIRST TIME REDEPOSIT $ 0000023635  00270363802E000023935691
627000002802251108101        0000000000093449470                              1021000023937325
799N01071000010006021      08400911FIRST TIME REDEPOSIT $ 0000014322  00270363802E000023937325
6270000028024814822715       0000000000094133707                              1021000023937946
799N01071000010007234      07102566FIRST TIME REDEPOSIT $ 0000037510  00270363802E000023937946
6270000028024820253166       0000000000094226535                              1021000023938352
799N01071000010008003      07102566FIRST TIME REDEPOSIT $ 0000005814  00270363802E000023938352
6270000028021003231270       0000000000094280927                              1021000023938949
799N01071000010009063      32207023FIRST TIME REDEPOSIT $ 0000014794  00270363802E000023938949
63700000280212123705         0000000000094281571                              1021000023939014
799N01071000010009180      06410290FIRST TIME REDEPOSIT $ 0000009316  00270363802E000023939014
62700000280233904428         0000000000094282133                              1021000023939046
799N01071000010009241      06200118FIRST TIME REDEPOSIT $ 0000021890  00270363802E000023939046
6270000028026743105077       0000000000430296904      MORRISON,MONIQUE        1021000023939511
799N01071000010010204      06220160FIRST TIME REDEPOSIT $ 0000004187  00270363802E000023939511
6270000028026743105077       0000000000430296904      MORRISON,MONIQUE        1021000023939512
799N01071000010010205      06220160FIRST TIME REDEPOSIT $ 0000003000  00270363802E000023939512
6270000028026743105077       0000000000430296904      MORRISON,MONIQUE        1021000023939513
799N01071000010010206      06220160FIRST TIME REDEPOSIT $ 0000003000  00270363802E000023939513
820000003800000053200000000000000000000000009005900018                         021000023389472
5200UNITEDHEALTHONE ACH INS PREM        9005900018PPDRDP RETRY 170319170320   1021000023936515
627000002802112059499        0000000000090452158      JUWLE,CHIEDIE M         1021000023936515
799N01071000010004371      10100001FIRST TIME REDEPOSIT $ 0000025481  00270463802E000023936515
627000002802001695999467     0000000000094129298                              1021000023937932
799N01071000010007216      05310030FIRST TIME REDEPOSIT $ 0000004668  00270463802E000023937932
627000002802001695999467     0000000000094129298                              1021000023937933
799N01071000010007217      05310030FIRST TIME REDEPOSIT $ 0000004668  00270463802E000023937933
627000002802188673003        0000000000094154704                              1021000023938021
799N01071000010007402      27397294FIRST TIME REDEPOSIT $ 0000043600  00270463802E000023938021
6270000028024800579581       0000000000400900105      MARSHALL,ALBERT DEAN I  1021000023939052
799N01071000010009253      06530027FIRST TIME REDEPOSIT $ 0000171918  00270463802E000023939052
820000001000000014000000000000000000000000009005900018                         021000023936515
5200UNITEDHEALTHONE ACH INS PREM        9005900018PPDRDP RETRY 170319170320   1021000023934599
6270000028024883784913       0000000000057883841      ELIZABETH A KRAUSE      1021000023934599
799N01071000010000719      27247154FIRST TIME REDEPOSIT $ 0000017166  00270763802E000023934599
6270000028028091029435       0000000000059938226      RIGHTWAY NETWORKING LL  1021000023935793
799N01071000010003034      11101432FIRST TIME REDEPOSIT $ 0000120200  00270763802E000023935793
6270000028025591204054       0000000000094199568                              1021000023938157
799N01071000010007646      10700504FIRST TIME REDEPOSIT $ 0000006370  00270763802E000023938157
6270000028020210112456       0000000000094200304                              1021000023938188
799N01071000010007698      06400001FIRST TIME REDEPOSIT $ 0000020740  00270763802E000023938188
6270000028020205956900       0000000000094246959      WM GRAY                 1021000023938581
799N01071000010008423      06310466FIRST TIME REDEPOSIT $ 0000028240  00270763802E000023938581
6270000028021941327007       0000000000094279686                              1021000023938809
799N01071000010008787      07247193FIRST TIME REDEPOSIT $ 0000013140  00270763802E000023938809
6270000028021941327007       0000000000094279687                              1021000023938810
799N01071000010008788      07247193FIRST TIME REDEPOSIT $ 0000004600  00270763802E000023938810
627000002802947698122        0000000000090084323                              1021000024029273
799N01071000010003477      07200032FIRST TIME REDEPOSIT $ 0000019555  99902163602E000024029273
627000002802227199506        0000000000093361124                              1021000024029329
799N01071000010005638      26708413FIRST TIME REDEPOSIT $ 0000003994  99902163602E000024029329
627000002802685135555        0000000000430317138                              1021000024029422
799N01071000010010478      07200032FIRST TIME REDEPOSIT $ 0000003755  99902163602E000024029422
627000002802618172386        0000000000094091140                              1021000025608529
799N01071000010006962      07500001FIRST TIME REDEPOSIT $ 0000023520  99912163702E000025608529
627000002802618172386        0000000000094091142                              1021000025608530
799N01071000010006963      07500001FIRST TIME REDEPOSIT $ 0000002195  99912163702E000025608530
627000002802883529005        0000000000094281440                              1021000025608536
799N01071000010009159      07500001FIRST TIME REDEPOSIT $ 0000002195  99912163702E000025608536
627000002802883529005        0000000000094281441                              1021000025608537
799N01071000010009160      07500001FIRST TIME REDEPOSIT $ 0000002580  99912163702E000025608537
627000002802883529005        0000000000094281442                              1021000025608538
799N01071000010009161      07500001FIRST TIME REDEPOSIT $ 0000008971  99912163702E000025608538
627000002802883529005        0000000000094281443                              1021000025608539
799N01071000010009162      07500001FIRST TIME REDEPOSIT $ 0000026270  99912163702E000025608539
627000002802893847772        0000000000057822740      HARWELL CONSULTING LLC  1021000025695374
799N01071000010000547      11100061FIRST TIME REDEPOSIT $ 0000108838  99920163702E000025695374
627000002802903825300        0000000000094201814                              1021000025695563
799N01071000010007805      11100061FIRST TIME REDEPOSIT $ 0000001140  99920163702E000025695563
627000002802000000680789810  0000000000430157720                              1021000025695643
799N01071000010009958      11100061FIRST TIME REDEPOSIT $ 0000003119  99920163702E000025695643
820000003800000053200000000000000000000000009005900018                         021000023934599
9000037000052000004440000062160000001379589000000000000