1019000002802 02100002117041813483094101GOLDEN RULE INSURANCE -JPMORGAN CHASE                 
5200UNITEDHEALTHONE ACH INS PREM        9005900018CORINS. PREM.170315170317   1021000021441991
6270000028027524845075       0000000000994139985                              1021000021441991
798C01071000010027138      111900656878086567                         CHANGE63802E000021441991
6270000028029835793580       0000000000594272653                              1021000021442911
798C02071000010029866      12100024111900659                          CHANGE63802E000021442911
820000000400000056040000000000000000000000009005900018                         071000011441991
5200UNITEDHEALTHONE ACH INS PREM        9005900018CORINS. PREM.170319170320   1021000023938049
62700000280255022276         0000000000894170922      JESSICA WESLEY PRYOR    1021000023938049
798C01071000010007450      1149105655022278                           CHANGE63602E000023938049
820000000200000028020000000000000000000000009005900018                         071000013938049
9000002000001000000084000000006000000000000000000000000                                       
